<?xml version="1.0" encoding="UTF-8"?><collection xmlns="http://www.loc.gov/MARC21/slim"><record><leader>00454nam--2200169-i-4500</leader><controlfield tag="001">000024689</controlfield><controlfield tag="002">20161230</controlfield><controlfield tag="005">20161230201035</controlfield><controlfield tag="008">060222s1000------------r-----000-0-eng-d</controlfield><datafield ind1=" " ind2=" " tag="040"><subfield code="a">IFIN-HH</subfield></datafield><datafield ind1=" " ind2=" " tag="080"><subfield code="a">533.5(043)</subfield></datafield><datafield ind1="1" ind2=" " tag="100"><subfield code="a">Heymann, Dieter</subfield></datafield><datafield ind1="1" ind2="0" tag="245"><subfield code="a">Some aspects of thermal diffusion at low concentrations</subfield><subfield code="c">Dieter heymann</subfield></datafield><datafield ind1=" " ind2=" " tag="260"><subfield code="a">Amsterdam</subfield><subfield code="b">Universiteit</subfield><subfield code="c">1958</subfield></datafield><datafield ind1=" " ind2=" " tag="300"><subfield code="a">96 P</subfield></datafield><datafield ind1=" " ind2=" " tag="852"><subfield code="a">76998</subfield><subfield code="c">536.7</subfield></datafield><datafield ind1=" " ind2=" " tag="CAT"><subfield code="a">Sys</subfield><subfield code="c">20110603</subfield><subfield code="h">120117</subfield></datafield></record></collection>